
@inproceedings{zhu_unpaired_2017,
	title = {Unpaired Image-To-Image Translation Using Cycle-Consistent Adversarial Networks},
	url = {https://openaccess.thecvf.com/content_iccv_2017/html/Zhu_Unpaired_Image-To-Image_Translation_ICCV_2017_paper.html},
	eventtitle = {Proceedings of the {IEEE} International Conference on Computer Vision},
	pages = {2223--2232},
	author = {Zhu, Jun-Yan and Park, Taesung and Isola, Phillip and Efros, Alexei A.},
	urldate = {2023-02-18},
	date = {2017},
	file = {Full Text PDF:C\:\\Users\\HJH\\Zotero\\storage\\225ZQEI4\\Zhu et al. - 2017 - Unpaired Image-To-Image Translation Using Cycle-Co.pdf:application/pdf},
}
